<?xml version="1.0" encoding="UTF-8"?>
<record xmlns="http://www.loc.gov/MARC21/slim" xmlns:xsi="http://www.w3.org/2001/XMLSchema-instance" xsi:schemaLocation="http://www.loc.gov/MARC21/slim http://www.loc.gov/standards/marcxml/schema/MARC21slim.xsd">
<leader>00000nam a2200229 a 4500</leader>
<controlfield tag="001">001680092</controlfield>
<controlfield tag="003">NNU</controlfield>
<controlfield tag="005">20141017173041.0</controlfield>
<controlfield tag="008">850825s1930    ua      a     000 0 ara d</controlfield>
<datafield tag="035" ind1="9" ind2=" ">
<subfield code="a">NYUb12223492</subfield>
</datafield>
<datafield tag="035" ind1=" " ind2=" ">
<subfield code="a">(CU)GLAD50443283</subfield>
</datafield>
<datafield tag="035" ind1=" " ind2=" ">
<subfield code="a">(CStRLIN)CUBGGLAD50443283-B</subfield>
</datafield>
<datafield tag="040" ind1=" " ind2=" ">
<subfield code="a">CU</subfield>
<subfield code="c">CU</subfield>
<subfield code="d">NNU</subfield>
</datafield>
<datafield tag="050" ind1=" " ind2="4">
<subfield code="a">PJ7755.B3</subfield>
<subfield code="b">B3 1930</subfield>
</datafield>
<datafield tag="100" ind1="1" ind2=" ">
<subfield code="6">880-01</subfield>
<subfield code="a">ʻAbd al-Rāziq, Muṣṭafá,</subfield>
<subfield code="d">1886-1947.</subfield>
</datafield>
<datafield tag="245" ind1="1" ind2="3">
<subfield code="6">880-02</subfield>
<subfield code="a">al-Bahāʼ Zuhayr /</subfield>
<subfield code="c">baḥth bi-qalam Muṣṭafá ʻAbd al-Rāziq.</subfield>
</datafield>
<datafield tag="250" ind1=" " ind2=" ">
<subfield code="6">880-03</subfield>
<subfield code="a">al-Ṭabʻah 1.</subfield>
</datafield>
<datafield tag="260" ind1=" " ind2=" ">
<subfield code="6">880-04</subfield>
<subfield code="a">al-Qāhirah :</subfield>
<subfield code="b">Maṭbaʻat Dār al-Kutub al-Miṣrīyah,</subfield>
<subfield code="c">1930.</subfield>
</datafield>
<datafield tag="300" ind1=" " ind2=" ">
<subfield code="a">94 p. ;</subfield>
<subfield code="c">20 cm.</subfield>
</datafield>
<datafield tag="600" ind1="0" ind2="0">
<subfield code="a">Bahāʼ al-Dīn Zuhayr ibn Muḥammad,</subfield>
<subfield code="d">1185-1258.</subfield>
</datafield>
<datafield tag="700" ind1="0" ind2="2">
<subfield code="6">880-05</subfield>
<subfield code="a">Bahāʼ al-Dīn Zuhayr ibn Muḥammad,</subfield>
<subfield code="d">1185-1258.</subfield>
<subfield code="t">Poems.</subfield>
</datafield>
<datafield tag="880" ind1="1" ind2=" ">
<subfield code="6">100-01/</subfield>
<subfield code="a">عبد الرازق، مصطفى،</subfield>
<subfield code="d">1886-1947.</subfield>
</datafield>
<datafield tag="880" ind1="1" ind2="2">
<subfield code="6">245-02/</subfield>
<subfield code="a">البهاء زهير /</subfield>
<subfield code="c">بحث بقلم مصطفى عبد الرازق.</subfield>
</datafield>
<datafield tag="880" ind1=" " ind2=" ">
<subfield code="6">250-03/</subfield>
<subfield code="a">الطبعة 1.</subfield>
</datafield>
<datafield tag="880" ind1=" " ind2=" ">
<subfield code="6">260-04/</subfield>
<subfield code="a">القاهرة :</subfield>
<subfield code="b">مطبعة دار الكتب المصرية،</subfield>
<subfield code="c">1930.</subfield>
</datafield>
<datafield tag="880" ind1="0" ind2="2">
<subfield code="6">700-05/</subfield>
<subfield code="a">بهاء الدين زهير بن محمد،</subfield>
<subfield code="d">1185-1258.</subfield>
<subfield code="t">أشعار.</subfield>
</datafield>
<datafield tag="OWN" ind1=" " ind2=" ">
<subfield code="a">GENERAL</subfield>
</datafield>
<datafield tag="AVA" ind1=" " ind2=" ">
<subfield code="a">NYU50</subfield>
<subfield code="b">BOBST</subfield>
<subfield code="c">Main Collection</subfield>
<subfield code="d">PJ7755.B3 B3 1930</subfield>
<subfield code="e">unavailable</subfield>
<subfield code="t">Unavailable</subfield>
<subfield code="f">1</subfield>
<subfield code="g">1</subfield>
<subfield code="h">N</subfield>
<subfield code="i">0</subfield>
<subfield code="j">MAIN</subfield>
<subfield code="k">0</subfield>
</datafield>
</record>
